<?xml version="1.0" encoding="UTF-8"?><collection xmlns="http://www.loc.gov/MARC21/slim"><record><leader>00378nam--2200133-i-4500</leader><controlfield tag="001">000037484</controlfield><controlfield tag="002">20161230</controlfield><controlfield tag="005">20161230201041</controlfield><controlfield tag="008">060222s1000------------r-----000-0-eng-d</controlfield><datafield ind1=" " ind2=" " tag="080"><subfield code="a">620.11:658.562(035.5)</subfield></datafield><datafield ind1=" " ind2=" " tag="245"><subfield code="a">Quality control handbook. third ed</subfield></datafield><datafield ind1=" " ind2=" " tag="260"><subfield code="a">New York, Mcgraw-hill Book Co., 1974, Ix + /P.Dif.</subfield></datafield><datafield ind1=" " ind2=" " tag="700"><subfield code="a">Juran, J.M., Gryha, Frank M.,/S.A.</subfield></datafield><datafield ind1=" " ind2=" " tag="852"><subfield code="a">47264</subfield></datafield></record></collection>